<?xml version="1.0" encoding="UTF-8"?><collection xmlns="http://www.loc.gov/MARC21/slim"><record><leader>00767nam--2200193-i-4500</leader><controlfield tag="001">000049007</controlfield><controlfield tag="002">20161230</controlfield><controlfield tag="005">20161230201047</controlfield><controlfield tag="008">060222s1000------------r-----000-0-eng-d</controlfield><datafield ind1=" " ind2=" " tag="040"><subfield code="a">IFIN-HH</subfield></datafield><datafield ind1=" " ind2=" " tag="080"><subfield code="a">61(061.3):574(061.3):621.039.85(061.3)</subfield></datafield><datafield ind1="1" ind2=" " tag="110"><subfield code="a">International Atomic Energy Agency</subfield></datafield><datafield ind1=" " ind2=" " tag="245"><subfield code="a">Radioimmunoassay and related procedures in medicine</subfield><subfield code="b">Proceedings of a symposium on radioimmunoassay and related procedures in clinical medicine and research held by the international atomic energy agency in istanbul, 10-14 september 1973</subfield></datafield><datafield ind1=" " ind2=" " tag="260"><subfield code="a">Vienna</subfield><subfield code="b">International Atomic Energy Agency</subfield><subfield code="c">1974</subfield></datafield><datafield ind1=" " ind2=" " tag="300"><subfield code="a">IN TWO VOLUMES</subfield></datafield><datafield ind1=" " ind2=" " tag="490"><subfield code="a">Proceedings Series</subfield></datafield><datafield ind1=" " ind2=" " tag="787"><subfield code="a">Volume Ii</subfield><subfield code="h">435p</subfield></datafield><datafield ind1=" " ind2=" " tag="852"><subfield code="a">40768</subfield><subfield code="c">621.039.8</subfield></datafield><datafield ind1=" " ind2=" " tag="CAT"><subfield code="a">Sys</subfield><subfield code="c">20110720</subfield><subfield code="h">154135</subfield></datafield></record></collection>